<?xml version="1.0" encoding="UTF-8"?><collection xmlns="http://www.loc.gov/MARC21/slim"><record><leader>00524nam--2200205-i-4500</leader><controlfield tag="001">000009995</controlfield><controlfield tag="002">20161230</controlfield><controlfield tag="005">20161230201028</controlfield><controlfield tag="008">060222s1000------------r-----000-0-fre-d</controlfield><datafield ind1=" " ind2=" " tag="040"><subfield code="a">IFIN-HH</subfield></datafield><datafield ind1=" " ind2=" " tag="041"><subfield code="a">fre</subfield></datafield><datafield ind1=" " ind2=" " tag="080"><subfield code="a">537.538</subfield></datafield><datafield ind1="1" ind2=" " tag="100"><subfield code="a">Brelot, A</subfield></datafield><datafield ind1="1" ind2="0" tag="245"><subfield code="a">Electricite, magnetisme, travaux diriges</subfield><subfield code="c">A. brelot; n. huin-jung; j. klein</subfield></datafield><datafield ind1=" " ind2=" " tag="260"><subfield code="a">Paris</subfield><subfield code="b">Hermann</subfield><subfield code="c">1971</subfield></datafield><datafield ind1=" " ind2=" " tag="300"><subfield code="a">195 P</subfield></datafield><datafield ind1=" " ind2=" " tag="490"><subfield code="a">Collection Methodes</subfield></datafield><datafield ind1="1" ind2=" " tag="700"><subfield code="a">Klein, J</subfield></datafield><datafield ind1=" " ind2=" " tag="852"><subfield code="a">36032</subfield><subfield code="c">537:538</subfield></datafield><datafield ind1=" " ind2=" " tag="CAT"><subfield code="a">Sys</subfield><subfield code="c">20110617</subfield><subfield code="h">121025</subfield></datafield></record></collection>